<?xml version="1.0" encoding="UTF-8"?><record xmlns="http://www.loc.gov/MARC21/slim" xmlns:cinclude="http://apache.org/cocoon/include/1.0" xmlns:zs="http://www.loc.gov/zing/srw/">
  <leader>00362cz  a2200121n  4500</leader>
  <controlfield tag="001">n 2002109335</controlfield>
  <controlfield tag="003">DLC</controlfield>
  <controlfield tag="005">20020910085913.0</controlfield>
  <controlfield tag="008">020910n| acannaabn          |n aaa      </controlfield>
  <datafield tag="010" ind1=" " ind2=" ">
    <subfield code="a">n 2002109335</subfield>
  </datafield>
  <datafield tag="040" ind1=" " ind2=" ">
    <subfield code="a">DLC</subfield>
    <subfield code="b">eng</subfield>
    <subfield code="c">DLC</subfield>
  </datafield>
  <datafield tag="100" ind1="1" ind2=" ">
    <subfield code="a">Batagini, Elton Costa</subfield>
  </datafield>
  <datafield tag="670" ind1=" " ind2=" ">
    <subfield code="a">Batagini, Elton Costa. Fast Connect for AIX Version 3.1 guide, c2001:</subfield>
    <subfield code="b">cover (Elton Costa Batagini)</subfield>
  </datafield>
</record>